@Online{polematrix,
 title =  "{polematrix: a spin tracking code for electron accelerators using elegant}",
 author = "{Schmidt, Jan Felix}",
 url =     {github.com/janfschmidt/polematrix},
 }

@Online{tikz-pal,
 title =  "{tikz-palattice LaTeX package}",
 author = "{Schmidt, Jan Felix}",
 url =     {www.ctan.org/pkg/tikz-palattice},
 }

@Online{palattice,
 title =  "{palattice C++ library}",
 author = "{Schmidt, Jan Felix}",
 url =     {github.com/janfschmidt/palattice},
 }
 
@Online{libsdds1,
  author =       "{Argonne National Laboratory}",
  title =        "{SDDSToolkit-devel Paket}",
  url =          {www.aps.anl.gov/Accelerator_Systems_Division/Accelerator_Operations_Physics/software.shtml#SDDSbinaries}
}

@Online{libsdds-doc,
  author =       {Borland, Michael and Soliday, Robert},
  title =        "{Application Programmer's Guide for SDDS Version 1.5}",
  year =         {2006},
  url =          {www.aps.anl.gov/Accelerator_Systems_Division/Accelerator_Operations_Physics/manuals/sdds/SDDS.html}
}

@Online{boost-pt,
title  = "{The Boost C++ Libraries: Boost.PropertyTree}",
author = {Kalicinski, Marcin and Redl, Sebastian},
url    = {www.boost.org/doc/libs/1_61_0/doc/html/property_tree.html},
}

@Online{boost-random,
title  = "{The Boost C++ Libraries: Boost.Random}",
author = {Maurer, Jens and Watanabe, Steven},
url    = {www.boost.org/doc/libs/1_61_0/doc/html/boost_random.html},
}




@InProceedings{IPAC16-decoh,
 author =       {Schmidt, Jan Felix and others},
 title =        "{Studies on Depolarization by Synchrotron Radiation using Elegant Particle Tracking}",
 booktitle =    {Proceedings IPAC'16},
 venue =      {Busan},
 year =         {2016},
 number =          {MOPOR046}
}
